<record><leader>00000cas a2200000 a 4500</leader><controlfield tag="001">14929820</controlfield><controlfield tag="007">hd afu---buca</controlfield><controlfield tag="008">861205d18101811ctuwr nea     0    0eng c</controlfield><datafield ind1=" " ind2=" " tag="010"><subfield code="a">sn 89026753 </subfield></datafield><datafield ind1=" " ind2=" " tag="040"><subfield code="a">UUM</subfield><subfield code="b">eng</subfield><subfield code="c">UUM</subfield><subfield code="d">HUL</subfield><subfield code="d">OCL</subfield><subfield code="d">HUL</subfield><subfield code="d">SERSO</subfield><subfield code="d">BOS</subfield><subfield code="d">OCLCQ</subfield><subfield code="d">OCLCO</subfield><subfield code="d">OCLCF</subfield></datafield><datafield ind1=" " ind2=" " tag="012"><subfield code="i">8908</subfield></datafield><datafield ind1=" " ind2=" " tag="019"><subfield code="a">15104464</subfield></datafield><datafield ind1="1" ind2=" " tag="029"><subfield code="a">AU@</subfield><subfield code="b">000005002935</subfield></datafield><datafield ind1=" " ind2=" " tag="042"><subfield code="a">pcc</subfield></datafield><datafield ind1=" " ind2=" " tag="043"><subfield code="a">n-us-nc</subfield></datafield><datafield ind1=" " ind2="4" tag="050"><subfield code="a">AN2.N8</subfield><subfield code="b">M676</subfield></datafield><datafield ind1="0" ind2="4" tag="245"><subfield code="a">The True Republican, and Newbern weekly advertiser</subfield><subfield code="h">[microform].</subfield></datafield><datafield ind1="1" ind2="3" tag="246"><subfield code="a">True Republican</subfield><subfield code="f">Jan. 15, 1811</subfield></datafield><datafield ind1=" " ind2=" " tag="260"><subfield code="a">Newbern [N.C.] :</subfield><subfield code="b">T. Watson</subfield></datafield><datafield ind1=" " ind2=" " tag="300"><subfield code="a">v.</subfield></datafield><datafield ind1=" " ind2=" " tag="310"><subfield code="a">Weekly</subfield></datafield><datafield ind1="1" ind2=" " tag="362"><subfield code="a">Began in Mar. 1810; ceased in 1811.</subfield><subfield code="z">Cf. Brigham, C.S. Amer. newspapers.</subfield></datafield><datafield ind1=" " ind2=" " tag="588"><subfield code="a">Description based on: Vol. 4, no. 161 (Apr. 2, 1810).</subfield></datafield><datafield ind1=" " ind2=" " tag="533"><subfield code="a">Microfilm.</subfield><subfield code="b">New Canaan, CT. :</subfield><subfield code="c">Readex Microprint Corp.,</subfield><subfield code="d">[19--].</subfield><subfield code="e">1 microfilm reel ; 35 mm.</subfield><subfield code="f">(Early American newspapers).</subfield></datafield><datafield ind1=" " ind2="0" tag="651"><subfield code="a">New Bern (N.C.)</subfield><subfield code="v">Newspapers.</subfield></datafield><datafield ind1=" " ind2="7" tag="655"><subfield code="a">Newspapers.</subfield><subfield code="2">fast</subfield><subfield code="0">(OCoLC)fst01423814</subfield></datafield><datafield ind1=" " ind2="7" tag="651"><subfield code="a">North Carolina</subfield><subfield code="z">New Bern.</subfield><subfield code="2">fast</subfield><subfield code="0">(OCoLC)fst01217415</subfield></datafield><datafield ind1=" " ind2=" " tag="752"><subfield code="a">United States</subfield><subfield code="b">North Carolina</subfield><subfield code="d">New Bern.</subfield></datafield><datafield ind1="0" ind2=" " tag="776"><subfield code="t">True Republican, and Newbern weekly advertiser</subfield><subfield code="w">(DLC)sn 84026563</subfield><subfield code="w">(OCoLC)10495480</subfield></datafield><datafield ind1="0" ind2="0" tag="780"><subfield code="t">Newbern herald</subfield><subfield code="w">(DLC)   89026752</subfield><subfield code="w">(OCoLC)14929766</subfield></datafield><datafield ind1=" " ind2=" " tag="850"><subfield code="a">MH</subfield></datafield></record>